@manual{REFLEXMAN,
 title =      "Reflex User's Manual",
 author="Forch\`i V.",
 organization= "ESO/SDD/DFS",
 address="{http://www.eso.org/reflex/}",
 edition="3.9",
 month="",
 year="2018",
 note="{VLT-MAN-ESO-19000-5037}",
 key=""
} 
