@manual{CPL,
 title =      "CPL home page",
 author="",
 organization= "ESO/SDD/DFS",
 address="\http{www.eso.org/cpl/}",
 edition="",
 month="",
 year="",
 note="",
 key=""
} 

@manual{ESOREX,
 title =      "ESOREX home page",
 author="",
 organization= "ESO/SDD/DFS",
 address="\http{www.eso.org/cpl/esorex.html}",
 edition="",
 month="",
 year="",
 note="",
 key=""
} 

@manual{VLT1233,
 title =      "VLT Data Flow System Specifications for Pipeline and Quality Control",
 author="",
 organization= "ESO",
 address="",
 edition="",
 month="",
 year="",
 note="{VLT-SPE-ESO-19600-1233}",
 key=""
} 

@manual{VLT1619,
 title =      "DFS Pipeline \& Quality Control -- User Manual",
 author="",
 organization= "ESO/SDD/DFS",
 address="",
 edition="",
 month="",
 year="",
 note="{VLT-MAN-ESO-19500-1619}",
 key=""
} 

@manual{DICB,
 title =      "ESO DICB -- Data Interface Control Document",
 author="",
 organization= "ESO/DMO",
 address="",
 edition="",
 month="",
 year="",
 note="{GEN-SPE-ESO-19400-0794 (3.0)}",
 key=""
} 

@manual{CPLMAN,
 title =      "Common Pipeline Library User Manual",
 author="",
 organization= "ESO/SDD/DFS",
 address="\http{www.eso.org/observing/cpl/download.html}",
 edition="",
 month="",
 year="",
 note="{VLT-MAN-ESO-19500-2720}",
 key=""
} 

@manual{GASMAN,
 title =      "Gasgano User's Manual",
 author="",
 organization= "ESO/SDD/DFS",
 address="\http{www.eso.org/gasgano/}",
 edition="",
 month="",
 year="",
 note="{VLT-PRO-ESO-19000-1932}",
 key=""
} 

@manual{REFLEXMAN,
 title =      "Reflex User's Manual",
 author="Forch\`i V.",
 organization= "ESO/SDD/DFS",
 address="\http{www.eso.org/gasgano/}",
 edition="0.7",
 month="",
 year="2012",
 note="{VLT-MAN-ESO-19000-5037}",
 key=""
} 

